<?xml version="1.0" encoding="UTF-8"?>
<record xmlns="http://www.loc.gov/MARC21/slim" xmlns:xsi="http://www.w3.org/2001/XMLSchema-instance" xsi:schemaLocation="http://www.loc.gov/MARC21/slim http://www.loc.gov/standards/marcxml/schema/MARC21slim.xsd">
<leader>00000cam a22      a 4500</leader>
<controlfield tag="001">001682988</controlfield>
<controlfield tag="003">NNU</controlfield>
<controlfield tag="005">20151016172345.0</controlfield>
<controlfield tag="008">940816s1928    ua abf   b    001 0 ara d</controlfield>
<datafield tag="035" ind1=" " ind2=" ">
<subfield code="a">(OCoLC)31086282</subfield>
<subfield code="z">(OCoLC)18086749</subfield>
<subfield code="z">(OCoLC)23508833</subfield>
</datafield>
<datafield tag="040" ind1=" " ind2=" ">
<subfield code="a">RBN</subfield>
<subfield code="b">eng</subfield>
<subfield code="c">RBN</subfield>
<subfield code="d">OSU</subfield>
<subfield code="d">OCL</subfield>
<subfield code="d">OCLCG</subfield>
<subfield code="d">OSU</subfield>
<subfield code="d">OCLCA</subfield>
<subfield code="d">OCLCQ</subfield>
<subfield code="d">OCLCA</subfield>
<subfield code="d">OCLCF</subfield>
<subfield code="d">OCLCQ</subfield>
<subfield code="d">NNU</subfield>
</datafield>
<datafield tag="043" ind1=" " ind2=" ">
<subfield code="a">e-sp---</subfield>
</datafield>
<datafield tag="050" ind1=" " ind2="4">
<subfield code="a">DP102</subfield>
<subfield code="b">.I2 1928</subfield>
</datafield>
<datafield tag="100" ind1="0" ind2=" ">
<subfield code="6">880-01</subfield>
<subfield code="a">Ibn al-Khaṭīb,</subfield>
<subfield code="d">1313-1374.</subfield>
</datafield>
<datafield tag="245" ind1="1" ind2="3">
<subfield code="6">880-02</subfield>
<subfield code="a">al-Lamḥah al-badrīyah fī al-dawlah al-Naṣrīyah /</subfield>
<subfield code="c">taʼlīf Lisān al-Dīn ibn al-Khaṭīb ; ṣaḥḥaḥahu wa-waḍaʻa fahārisahu nāshiruhu Muḥibb al-Dīn al-Khaṭīb.</subfield>
</datafield>
<datafield tag="260" ind1=" " ind2=" ">
<subfield code="6">880-03</subfield>
<subfield code="a">al-Qāhirah :</subfield>
<subfield code="b">al-Maṭbaʻah al-Salafīyah wa-Maktabatuhā,</subfield>
<subfield code="c">1347 [1928 or 1929]</subfield>
</datafield>
<datafield tag="300" ind1=" " ind2=" ">
<subfield code="a">152 pages, [1] folded leaf of plates :</subfield>
<subfield code="b">illustrations, map ;</subfield>
<subfield code="c">25 cm</subfield>
</datafield>
<datafield tag="336" ind1=" " ind2=" ">
<subfield code="a">text</subfield>
<subfield code="b">txt</subfield>
<subfield code="2">rdacontent</subfield>
</datafield>
<datafield tag="337" ind1=" " ind2=" ">
<subfield code="a">unmediated</subfield>
<subfield code="b">n</subfield>
<subfield code="2">rdamedia</subfield>
</datafield>
<datafield tag="338" ind1=" " ind2=" ">
<subfield code="a">volume</subfield>
<subfield code="b">nc</subfield>
<subfield code="2">rdacarrier</subfield>
</datafield>
<datafield tag="504" ind1=" " ind2=" ">
<subfield code="a">Includes bibliographical references and indexes.</subfield>
</datafield>
<datafield tag="650" ind1=" " ind2="0">
<subfield code="a">Nasrides.</subfield>
</datafield>
<datafield tag="651" ind1=" " ind2="0">
<subfield code="a">Spain</subfield>
<subfield code="x">History</subfield>
<subfield code="y">711-1516.</subfield>
</datafield>
<datafield tag="651" ind1=" " ind2="0">
<subfield code="a">Granada (Spain)</subfield>
<subfield code="x">History.</subfield>
</datafield>
<datafield tag="650" ind1=" " ind2="7">
<subfield code="a">Nasrides.</subfield>
<subfield code="2">fast</subfield>
<subfield code="0">(OCoLC)fst01033128.</subfield>
</datafield>
<datafield tag="651" ind1=" " ind2="7">
<subfield code="a">Spain.</subfield>
<subfield code="2">fast</subfield>
<subfield code="0">(OCoLC)fst01204303.</subfield>
</datafield>
<datafield tag="651" ind1=" " ind2="7">
<subfield code="a">Spain</subfield>
<subfield code="z">Granada.</subfield>
<subfield code="2">fast</subfield>
<subfield code="0">(OCoLC)fst01207338.</subfield>
</datafield>
<datafield tag="648" ind1=" " ind2="7">
<subfield code="a">711 - 1516</subfield>
<subfield code="2">fast.</subfield>
</datafield>
<datafield tag="655" ind1=" " ind2="7">
<subfield code="a">History.</subfield>
<subfield code="2">fast</subfield>
<subfield code="0">(OCoLC)fst01411628.</subfield>
</datafield>
<datafield tag="700" ind1="1" ind2=" ">
<subfield code="6">880-04</subfield>
<subfield code="a">Khaṭīb, Muḥibb al-Dīn.</subfield>
</datafield>
<datafield tag="776" ind1="0" ind2="8">
<subfield code="i">Online version:</subfield>
<subfield code="a">Ibn al-Khaṭīb, -1374.</subfield>
<subfield code="t">Lamḥah al-badrīyah fī al-dawlah al-Naṣrīyah.</subfield>
<subfield code="d">al-Qāhirah : al-Maṭbaʻah al-Salafīyah wa-Maktabatuhā, 1347 [1928 or 1929]</subfield>
<subfield code="w">(OCoLC)651915751</subfield>
</datafield>
<datafield tag="880" ind1="0" ind2=" ">
<subfield code="6">100-01/</subfield>
<subfield code="a">ابن الخطيب،</subfield>
<subfield code="d">1313-1374.</subfield>
</datafield>
<datafield tag="880" ind1="1" ind2="2">
<subfield code="6">245-02/</subfield>
<subfield code="a">اللمحة البدرية في الدولة النصرية /</subfield>
<subfield code="c">تأليف لسان الدين بن الخطيب ؛ صححه ووضع فهارسه محب الدين الخطيب.</subfield>
</datafield>
<datafield tag="880" ind1=" " ind2=" ">
<subfield code="6">260-03/</subfield>
<subfield code="a">القاهرة :</subfield>
<subfield code="b">المطبعة السلفية،</subfield>
<subfield code="c">1347 [1928 or 1929]</subfield>
</datafield>
<datafield tag="880" ind1="1" ind2=" ">
<subfield code="6">700-04/</subfield>
<subfield code="a">خطيب، محب الدين.</subfield>
</datafield>
<datafield tag="OWN" ind1=" " ind2=" ">
<subfield code="a">GENERAL</subfield>
</datafield>
<datafield tag="AVA" ind1=" " ind2=" ">
<subfield code="a">NYU50</subfield>
<subfield code="b">BOBST</subfield>
<subfield code="c">Main Collection</subfield>
<subfield code="d">DP302.A46 I18</subfield>
<subfield code="e">unavailable</subfield>
<subfield code="t">Unavailable</subfield>
<subfield code="f">1</subfield>
<subfield code="g">1</subfield>
<subfield code="h">N</subfield>
<subfield code="i">0</subfield>
<subfield code="j">MAIN</subfield>
<subfield code="k">0</subfield>
</datafield>
</record>
